<?xml version="1.0" encoding="UTF-8"?><collection xmlns="http://www.loc.gov/MARC21/slim"><record><leader>00479nam--2200145-i-4500</leader><controlfield tag="001">000008062</controlfield><controlfield tag="002">20161230</controlfield><controlfield tag="005">20170305225855</controlfield><controlfield tag="008">060222s1000------------r-----000-0-eng-d</controlfield><datafield ind1=" " ind2=" " tag="245"><subfield code="a">Brandeis summer institute in theoretical physics, 1963: Vol.1: Lectures on strong and electromagnetic interactions</subfield></datafield><datafield ind1=" " ind2=" " tag="260"><subfield code="a">Waltham, Massachusetts</subfield><subfield code="b">Brandeis University</subfield><subfield code="c">1964</subfield></datafield><datafield ind1=" " ind2=" " tag="300"><subfield code="a">III + 343 p</subfield></datafield><datafield ind1=" " ind2=" " tag="700"><subfield code="a">Mayer, M. E</subfield></datafield><datafield ind1=" " ind2=" " tag="852"><subfield code="a">539.12.01(075.9):524.1</subfield></datafield><datafield ind1=" " ind2=" " tag="CAT"><subfield code="a">SYS</subfield><subfield code="c">20170305</subfield><subfield code="h">225855</subfield></datafield></record></collection>